% Encoding: UTF-8

@Book{adams2003sobolev,
  title     = {{Sobolev spaces}},
  publisher = {Academic press},
  year      = {2003},
  author    = {Adams, Robert A and Fournier, John JF},
  volume    = {140},
  series    = {Pure and Applied Mathematics},
}

@Article{ciarlet2010korn,
  author    = {Ciarlet, Philippe G},
  title     = {{On Kornâ€™s inequality}},
  journal   = {Chin. Ann. Math. Ser. B},
  year      = {2010},
  volume    = {31},
  number    = {5},
  pages     = {607--618},
  doi       = {10.1007/s11401-010-0606-3},
  publisher = {Springer},
}

@Book{kreyszig1989introductory,
  title     = {{Introductory Functional Analysis with Applications}},
  publisher = {Wiley},
  year      = {1989},
  author    = {Kreyszig, Erwin},
  address   = {New York},
  isbn      = {0471504599},
  date      = {1989-03-09},
  ean       = {9780471504597},
  pagetotal = {704},
}

@Book{lebedev2009introduction,
  title     = {{Introduction to Mathematical Elasticity}},
  publisher = {World Scientific},
  year      = {2009},
  author    = {Lebedev, L.P. and Cloud, M.J.},
  isbn      = {9789814273725},
}

@Book{slaughter2012linearized,
  title     = {{The linearized theory of elasticity}},
  publisher = {Springer Science \& Business Media},
  year      = {2012},
  author    = {Slaughter, William S},
}

@Book{hjelmstad2007fundamentals,
  title     = {{Fundamentals of structural mechanics}},
  publisher = {Springer Science \& Business Media},
  year      = {2007},
  author    = {Hjelmstad, Keith D},
}

@Article{kearsley1975linearly,
  author  = {Kearsley, Elliot A and Fong, JT},
  title   = {{Linearly independent sets of isotropic Cartesian tensors of ranks up to eight}},
  journal = {J. Res. Natl Bureau of Standards Part B: Math. Sci. B},
  year    = {1975},
  volume  = {79},
  pages   = {49--58},
  doi     = {10.6028/jres.079b.005},
}

@Misc{oeis,
  author = {N. J. A. Sloane},
  title  = {{The On-Line Encyclopedia of Integer Sequences}},
  note   = {[ogled 9.\ 7.\ 2016], dostopno na Sequence A005043. \url{http://oeis.org/A005043},},
}

@Book{gurtin1982introduction,
  title     = {{An introduction to continuum mechanics}},
  publisher = {Academic Press},
  year      = {1982},
  author    = {Gurtin, Morton E},
  volume    = {158},
  series    = {Mathematics in Science and Engineering},
}

@Article{lakes1987foam,
  author    = {Lakes, Roderic},
  title     = {{Foam structures with a negative Poisson's ratio}},
  journal   = {Science},
  year      = {1987},
  volume    = {235},
  pages     = {1038--1041},
  doi       = {10.1126/science.235.4792.1038},
  publisher = {American Association for the Advancement of Science},
}

@Article{hannay2004fibonacci,
  author    = {Hannay, JH and Nye, JF},
  title     = {{Fibonacci numerical integration on a sphere}},
  journal   = {J. Phys. A: Math. Gen.},
  year      = {2004},
  volume    = {37},
  number    = {48},
  pages     = {11591},
  doi       = {10.1088/0305-4470/37/48/005},
  publisher = {IOP Publishing},
}

@Article{gonzalez2010measurement,
  author    = {Gonz{\'a}lez, {\'A}lvaro},
  title     = {{Measurement of areas on a sphere using Fibonacci and latitude--longitude lattices}},
  journal   = {Math. Geosci.},
  year      = {2010},
  volume    = {42},
  number    = {1},
  pages     = {49--64},
  doi       = {10.1007/s11004-009-9257-x},
  publisher = {Springer},
}

@Article{morokoff1994quasi,
  author    = {Morokoff, William J and Caflisch, Russel E},
  title     = {{Quasi-random sequences and their discrepancies}},
  journal   = {SIAM J. Sci. Comput.},
  year      = {1994},
  volume    = {15},
  number    = {6},
  pages     = {1251--1279},
  doi       = {10.1137/0915077},
  publisher = {SIAM},
}

@Misc{moore1991intoductory,
  author    = {Moore, Andrew W},
  title     = {{An introductory tutorial on kd-trees}},
  year      = {1991},
  doi       = {10.1.1.28.6468},
  publisher = {Citeseer},
}

@InProceedings{beygelzimer2006cover,
  author       = {Beygelzimer, Alina and Kakade, Sham and Langford, John},
  title        = {{Cover trees for nearest neighbor}},
  booktitle    = {{Proceedings of the 23rd international conference on Machine learning}},
  year         = {2006},
  pages        = {97--104},
  organization = {ACM},
  doi          = {10.1145/1143844.1143857},
}

@InProceedings{kibriya2007empirical,
  author       = {Kibriya, Ashraf M and Frank, Eibe},
  title        = {{An empirical comparison of exact nearest neighbour algorithms}},
  booktitle    = {{European Conference on Principles of Data Mining and Knowledge Discovery}},
  year         = {2007},
  pages        = {140--151},
  organization = {Springer},
  doi          = {10.1007/978-3-540-74976-9_16},
}

@TechReport{omohundro1989five,
  author      = {Omohundro, Stephen M},
  title       = {{Five balltree construction algorithms}},
  institution = {International Computer Science Institute},
  year        = {1989},
  publisher   = {International Computer Science Institute Berkeley},
}

@Misc{mount1998ann,
  author = {Mount, David M and Arya, Sunil},
  title  = {{ANN: library for approximate nearest neighbour searching}},
  year   = {1998},
  note   = {[ogled 16.\ 6.\ 2017], dostopno na \url{https://www.cs.umd.edu/~mount/ANN/}},
  doi    = {10.1.1.91.8209},
}

@Misc{eigenweb,
  author = {Ga\"{e}l Guennebaud and Beno\^{i}t Jacob and others},
  title  = {{Eigen v3}},
  year   = {2010},
  note   = {[ogled 16.\ 6.\ 2017], dostopno na \url{http://eigen.tuxfamily.org}},
}

@Book{saad2003iterative,
  title     = {{Iterative methods for sparse linear systems}},
  publisher = {SIAM},
  year      = {2003},
  author    = {Saad, Yousef},
}

@Book{davis2006direct,
  title     = {{Direct methods for sparse linear systems}},
  publisher = {SIAM},
  year      = {2006},
  author    = {Davis, Timothy A},
}

@Article{li2005overview,
  author    = {Li, Xiaoye S},
  title     = {{An overview of SuperLU: Algorithms, implementation, and user interface}},
  journal   = {ACM Trans. Math. Software},
  year      = {2005},
  volume    = {31},
  number    = {3},
  pages     = {302--325},
  doi       = {10.1145/1089014.1089017},
  publisher = {ACM},
}

@Article{van1992bi,
  author    = {Van der Vorst, Henk A},
  title     = {{Bi-CGSTAB: A fast and smoothly converging variant of Bi-CG for the solution of nonsymmetric linear systems}},
  journal   = {SIAM Journal on Scientific and Statistical Computing},
  year      = {1992},
  volume    = {13},
  number    = {2},
  pages     = {631--644},
  issn      = {1064-8275},
  doi       = {10.1137/0913035},
  publisher = {SIAM},
}

@Article{saad1994ilut,
  author    = {Saad, Yousef},
  title     = {{ILUT: A dual threshold incomplete LU factorization}},
  journal   = {Numerical linear algebra with applications},
  year      = {1994},
  volume    = {1},
  number    = {4},
  pages     = {387--402},
  issn      = {1099-1506},
  doi       = {10.1002/nla.1680010405},
  publisher = {Wiley Online Library},
}

@Article{dagum1998openmp,
  author    = {Dagum, Leonardo and Menon, Ramesh},
  title     = {{OpenMP: an industry standard API for shared-memory programming}},
  journal   = {IEEE computational science and engineering},
  year      = {1998},
  volume    = {5},
  number    = {1},
  pages     = {46--55},
  note      = {dostopno na \url{http://www.openmp.org/}},
  doi       = {10.1109/99.660313},
  publisher = {IEEE},
}

@Book{kozak2008numericna,
  title     = {Numeri{\v{c}}na analiza},
  publisher = {DMFA -- zalo{\v{z}}ni{\v{s}}tvo},
  year      = {2008},
  author    = {Kozak, Jernej},
}

@Article{schaback1995error,
  author    = {Schaback, Robert},
  title     = {{Error estimates and condition numbers for radial basis function interpolation}},
  journal   = {Adv. Comput. Math.},
  year      = {1995},
  volume    = {3},
  number    = {3},
  pages     = {251--264},
  doi       = {10.1007/bf02432002},
  publisher = {Springer},
}

@Article{buhmann2000radial,
  author    = {Buhmann, Martin D},
  title     = {{Radial basis functions}},
  journal   = {Acta Numerica},
  year      = {2000},
  volume    = {9},
  pages     = {1--38},
  publisher = {Cambridge Univ Press},
}

@Book{stroustrup1995c++,
  title     = {{The C++ programming language}},
  publisher = {Pearson Education India},
  year      = {1995},
  author    = {Stroustrup, Bjarne},
}

@Article{hertz1882beruhrung,
  author  = {Hertz, Heinrich},
  title   = {{\"U}ber die Ber{\"u}hrung fester elastischer K{\"o}rper.},
  journal = {Journal f{\"u}r die reine und angewandte Mathematik},
  year    = {1882},
  volume  = {92},
  pages   = {156--171},
  issn    = {0075-4102},
}

@InBook{williams2001contact,
  chapter   = {3},
  pages     = {121--162},
  title     = {{Modern Tribology Handbook}},
  publisher = {CRC Press},
  year      = {2001},
  editor    = {Bharat Bhushan},
  volume    = {1},
  series    = {Mechanics \& Materials Science},
  doi       = {10.1201/9780849377877.ch3},
  journal   = {Modern tribology handbook},
}

@Article{mcewen1949stresses,
  author  = {Ewen M'Ewen},
  title   = {{Stresses in elastic cylinders in contact along a generatrix (including the effect of tangential friction)}},
  journal = {The London, Edinburgh, and Dublin Philosophical Magazine and Journal of Science},
  year    = {1949},
  volume  = {40},
  number  = {303},
  pages   = {454-459},
  doi     = {10.1080/14786444908521733},
}

@Misc{mkl,
  author = {Intel},
  title  = {{Intel math kernel library}},
  note   = {[ogled 20.\ 7.\ 2017], dostopno na \url{https://software.intel.com/en-us/mkl},},
}

@Misc{pardiso,
  author = {Schenk, Olaf and G{\"a}rtner, K and Karypis, G and R{\"o}llin, S and Hagemann, M},
  title  = {{PARDISO solver project}},
  year   = {2010},
  note   = {[ogled 20.\ 7.\ 2017], dostopno na \url{http://www.pardiso-project.org}},
}

@Article{henon2002pastix,
  author    = {H{\'e}non, Pascal and Ramet, Pierre and Roman, Jean},
  title     = {{PASTIX: a high-performance parallel direct solver for sparse symmetric positive definite systems}},
  journal   = {Parallel Comput.},
  year      = {2002},
  volume    = {28},
  number    = {2},
  pages     = {301--321},
  doi       = {10.1016/s0167-8191(01)00141-7},
  publisher = {Elsevier},
}

@InProceedings{amestoy2000mumps,
  author       = {Amestoy, Patrick R and Duff, Iain S and Lâ€™Excellent, Jean-Yves and Koster, Jacko},
  title        = {{MUMPS: a general purpose distributed memory sparse solver}},
  booktitle    = {{International Workshop on Applied Parallel Computing}},
  year         = {2000},
  pages        = {121--130},
  organization = {Springer},
  doi          = {10.1007/3-540-70734-4_16},
}

@Article{pereira2016convergence,
  author    = {Pereira, Kyvia and Bordas, Stephane and Tomar, Satyendra and Trobec, Roman and Depolli, Matjaz and Kosec, Gregor and Abdel Wahab, Magd},
  title     = {{On the convergence of stresses in fretting fatigue}},
  journal   = {Materials},
  year      = {2016},
  volume    = {9},
  number    = {8},
  doi       = {10.3390/ma9080639},
  publisher = {Multidisciplinary Digital Publishing Institute},
}

@Article{jeung2015crack,
  author    = {Jeung, Han-Kyu and Kwon, Jae-Do and Lee, Choon Yeol},
  title     = {{Crack initiation and propagation under fretting fatigue of inconel 600 alloy}},
  journal   = {J. Mech. Sci. Technol.},
  year      = {2015},
  volume    = {29},
  number    = {12},
  pages     = {5241--5244},
  doi       = {10.1007/s12206-015-1124-8},
  publisher = {Springer},
}

@Misc{hibbitt2001abaqus,
  author = {Hibbitt and Karlsson and Sorensen},
  title  = {{ABAQUS}},
  note   = {[ogled 21.\ 7.\ 2017], dostopno na \url{https://www.3ds.com/products-services/simulia/products/abaqus/}},
}

@Article{hojjati2014prediction,
  author    = {Hojjati-Talemi, Reza and Wahab, Magd Abdel and others},
  title     = {{Prediction of fretting fatigue crack initiation and propagation lifetime for cylindrical contact configuration}},
  journal   = {Tribol. Int.},
  year      = {2014},
  volume    = {76},
  pages     = {73--91},
  doi       = {10.1016/j.triboint.2014.02.017},
  publisher = {Elsevier},
}

@Book{uienkiewicz2000finite,
  title     = {{The Finite Element Method: Solid Mechanics}},
  publisher = {Butterworth-Heinemann},
  year      = {2000},
  author    = {Zienkiewicz, O. C. and Taylor, R. L.},
  volume    = {2},
  series    = {The Finite Element Method},
  isbn      = {0340759844},
}

@Article{hattel1995control,
  author    = {Hattel, JH and Hansen, PN},
  title     = {{A control volume-based finite difference method for solving the equilibrium equations in terms of displacements}},
  journal   = {Appl. Math. Modell.},
  year      = {1995},
  volume    = {19},
  number    = {4},
  pages     = {210--243},
  doi       = {10.1016/0307-904x(94)00015-x},
  publisher = {Elsevier},
}

@Article{stone2003dynamic,
  author    = {Stone, A. K. and Bailey, C. and Cross, M.},
  title     = {{Dynamic solid mechanics using finite volume methods}},
  journal   = {Applied solid mechanics using finite volume methods},
  year      = {2003},
  volume    = {27},
  pages     = {69-87},
  doi       = {10.1016/s0307-904x(02)00060-4},
  issue     = {2},
  publisher = {Elsevier},
}

@Book{chen2006meshless,
  title     = {{Meshless methods in solid mechanics}},
  publisher = {Springer},
  year      = {2006},
  author    = {Chen, Youping and Lee, J. D. and Eskandarian, Azim},
  address   = {New York, NY},
  pages     = {200},
}

@Article{mavric2015local,
  author  = {Mavri\v{c}, Bo\v{s}tjan and \v{S}arler, Bo\v{z}idar},
  title   = {{Local radial basis function collocation method for linear thermoelasticity in two dimensions}},
  journal = {Int. J. Numer. Methods Heat Fluid Flow},
  year    = {2015},
  volume  = {25},
  pages   = {1488-1510},
  doi     = {10.1108/hff-11-2014-0359},
}

@Article{dehghan2014numerical,
  author    = {Dehghan, Mehdi and Abbaszadeh, Mostafa and Mohebbi, Akbar},
  title     = {{The numerical solution of nonlinear high dimensional generalized Benjamin--Bona--Mahony--Burgers equation via the meshless method of radial basis functions}},
  journal   = {Comput. Math. Appl.},
  year      = {2014},
  volume    = {68},
  number    = {3},
  pages     = {212--237},
  issn      = {0898-1221},
  doi       = {10.1016/j.camwa.2014.05.019},
  publisher = {Elsevier},
}

@Article{li2013localized,
  author    = {Li, Ming and Chen, Wen and Chen, CS},
  title     = {{The localized RBFs collocation methods for solving high dimensional PDEs}},
  journal   = {Eng. Anal. Boundary Elem.},
  year      = {2013},
  volume    = {37},
  number    = {10},
  pages     = {1300--1304},
  doi       = {10.1016/j.enganabound.2013.06.001},
  publisher = {Elsevier},
}

@Article{rao2000efficient,
  author    = {Rao, BN and Rahman, S},
  title     = {{An efficient meshless method for fracture analysis of cracks}},
  journal   = {Comput. Mech.},
  year      = {2000},
  volume    = {26},
  number    = {4},
  pages     = {398--408},
  doi       = {10.1007/s004660000189},
  publisher = {Springer},
}
% CITE THESE

@Article{meshless_review,
  author  = {Li, S. and Liu, K. W.},
  title   = {{Meshfree and particle methods and their applications}},
  journal = {Appl. Mech. Rev.},
  year    = {2002},
  volume  = {55},
  pages   = {1-34},
  doi     = {10.1115/1.1431547},
}

@Article{liu_solid,
  author  = {Liu, G. R. and Gu, Y. T.},
  title   = {{A point interpolation method for two-dimensional solids}},
  journal = {Int. J. Numer. Methods Eng.},
  year    = {2001},
  volume  = {50},
  number  = {4},
  pages   = {937-951},
  doi     = {10.1002/1097-0207(20010210)50:4<937::AID-NME62>3.0.CO;2-X},
}

@Book{trobec_kosec,
  title     = {{Parallel scientific computing: theory, algorithms, and applications of mesh based and meshless methods}},
  publisher = {Springer},
  year      = {2015},
  author    = {Trobec, R and Kosec, G.},
  series    = {SpringerBriefs in Computer Science},
  isbn      = {978-3-319-17072-5},
}

@Article{di2012hitchhiker,
  author    = {Di Nezza, Eleonora and Palatucci, Giampiero and Valdinoci, Enrico},
  title     = {{Hitchhiker's guide to the fractional Sobolev spaces}},
  journal   = {Bulletin des Sciences Math{\'e}matiques},
  year      = {2012},
  volume    = {136},
  number    = {5},
  pages     = {521--573},
  doi       = {10.1016/j.bulsci.2011.12.004},
  publisher = {Elsevier},
}

@Book{saposnikova2013sobolev,
  title     = {{Sobolev Spaces}},
  publisher = {Springer Berlin Heidelberg},
  year      = {1985},
  author    = {Maz'ya, V. G.},
  series    = {Springer Series in Soviet Mathematics},
  isbn      = {0-387-13589-8},
}

@Article{soboleff1938theoreme,
  author    = {Soboleff, S},
  title     = {Sur un th{\'e}or{\`e}me d'analyse fonctionnelle},
  journal   = {Matematicheskii Sbornik},
  year      = {1938},
  volume    = {46},
  number    = {3},
  pages     = {471--497},
  note      = {dostopno na \url{http://www.mathnet.ru/links/b3fb5ec17551fb44064f794cb7305b0d/sm5759.pdf}},
  publisher = {Russian Academy of Sciences, Steklov Mathematical Institute of Russian Academy of Sciences},
}

@Article{evans1987sobolev,
  author    = {Evans, WD and Harris, DJ},
  title     = {{Sobolev embeddings for generalized ridged domains}},
  journal   = {Proceedings of the London Mathematical Society},
  year      = {1987},
  volume    = {3},
  number    = {1},
  pages     = {141--175},
  doi       = {10.1112/plms/s3-54.1.141},
  publisher = {Wiley Online Library},
}

@Article{edmunds2000sobolev,
  author  = {Edmunds, David and R{\'a}kosn{\'\i}k, Ji{\v{r}}{\'\i}},
  title   = {{Sobolev embeddings with variable exponent}},
  journal = {Studia Mathematica},
  year    = {2000},
  volume  = {3},
  number  = {143},
  pages   = {267--293},
}

@Article{brezis1980note,
  author    = {Br{\'e}zis, Ha{\"\i}m and Wainger, Stephen},
  title     = {{A note on limiting cases of Sobolev embeddings and convolution inequalities}},
  journal   = {Communications in Partial Differential Equations},
  year      = {1980},
  volume    = {5},
  number    = {7},
  pages     = {773--789},
  doi       = {10.1080/03605308008820154},
  publisher = {Taylor \& Francis},
}

@Misc{autodesk,
  author = {{Autodesk Inc.}},
  title  = {{Autodesk FEA}},
  note   = {dostopno na \url{https://www.autodesk.com/solutions/finite-element-analysis}},
}

@Misc{solidworks,
  author = {{SolidWorks Corporation}},
  title  = {{SOLIDWORKS Simulation}},
  note   = {dostopno na \\ \url{http://www.solidworks.com/sw/products/simulation/finite-element-analysis.htm}.},
}

@Misc{mathematica,
  author = {{Wolfram Research}},
  title  = {{Wolfram Mathematica, version 11}},
  note   = {[ogled 11.\ 8.\ 2017], dostopno na \url{http://www.wolfram.com/mathematica/}},
}

@Article{kosec2011h,
  author  = {Kosec, G and {\v{S}}arler, B},
  title   = {{H-adaptive local radial basis function collocation meshless method}},
  journal = {Computers Materials and Continua},
  year    = {2011},
  volume  = {26},
  number  = {3},
  pages   = {227},
  doi     = {doi:10.3970/cmc.2011.026.227},
}

@Misc{utils_web,
  author = {Kosec, G. and Kolman, M. and Slak, J.},
  title  = {{Utilities for solving PDEs with meshless methods}},
  year   = {2016},
  note   = {[ogled 11.\ 8.\ 2017], dostopno na \url{https://gitlab.com/e62Lab/e62numcodes.git}},
}

@Article{kosec2016local,
  author    = {Kosec, Gregor},
  title     = {{A local numerical solution of a fluid-flow problem on an irregular domain}},
  journal   = {Adv. Eng. Software},
  year      = {2016},
  doi       = {10.1016/j.advengsoft.2016.05.010},
  publisher = {Elsevier},
}

@Article{amani2012mixed,
  author    = {Amani, J and Afshar, MH and Naisipour, M},
  title     = {{Mixed discrete least squares meshless method for planar elasticity problems using regular and irregular nodal distributions}},
  journal   = {Engineering analysis with boundary elements},
  year      = {2012},
  volume    = {36},
  number    = {5},
  pages     = {894--902},
  doi       = {10.1016/j.enganabound.2011.09.012},
  publisher = {Elsevier},
}

@Book{cambridge2003materials,
  title     = {{Materials Data Book}},
  publisher = {Cambridge University},
  year      = {2003},
  author    = {{Cambridge University Engineering Department}},
  address   = {Cambridge},
  note      = {dostopno na \url{http://www-mdp.eng.cam.ac.uk/web/library/enginfo/cueddatabooks/materials.pdf}},
}

@Comment{jabref-meta: databaseType:bibtex;}

% vim: set tw=0:
