@book{lebedev2009introduction,
  title={Introduction to Mathematical Elasticity},
  author={Lebedev, L.P. and Cloud, M.J.},
  isbn={9789814273725},
  lccn={2010287567},
  url={https://books.google.si/books?id=wMhpDQAAQBAJ},
  year={2009},
  publisher={World Scientific}
}
@article{hannay2004fibonacci,
  title={Fibonacci numerical integration on a sphere},
  author={Hannay, JH and Nye, JF},
  journal={Journal of Physics A: Mathematical and General},
  volume={37},
  number={48},
  pages={11591},
  year={2004},
  publisher={IOP Publishing}
}
@article{gonzalez2010measurement,
  title={Measurement of areas on a sphere using Fibonacci and latitude--longitude lattices},
  author={Gonz{\'a}lez, {\'A}lvaro},
  journal={Mathematical Geosciences},
  volume={42},
  number={1},
  pages={49--64},
  year={2010},
  publisher={Springer}
}
@article{morokoff1994quasi,
  title={Quasi-random sequences and their discrepancies},
  author={Morokoff, William J and Caflisch, Russel E},
  journal={SIAM Journal on Scientific Computing},
  volume={15},
  number={6},
  pages={1251--1279},
  year={1994},
  publisher={SIAM}
}
@article{moore1991intoductory,
  title={An intoductory tutorial on kd-trees},
  author={Moore, Andrew W},
  year={1991},
  publisher={Citeseer}
}

